@string{june = {June}}

@article{1706.09359,
 adsnote = {Provided by the SAO/NASA Astrophysics Data System},
 adsurl = {https://ui.adsabs.harvard.edu/abs/2017arXiv170609359K},
 archiveprefix = {arXiv},
 author = {{Krause}, E. and {Eifler}, T.~F. and {Zuntz}, J. and {Friedrich}, O. and
{Troxel}, M.~A. and {Dodelson}, S. and {Blazek}, J. and {Secco}, L.~F. and
{MacCrann}, N. and {Baxter}, E. and {Chang}, C. and {Chen}, N. and
{Crocce}, M. and {DeRose}, J. and {Ferte}, A. and {Kokron}, N. and
{Lacasa}, F. and {Miranda}, V. and {Omori}, Y. and {Porredon}, A. and
{Rosenfeld}, R. and {Samuroff}, S. and {Wang}, M. and
{Wechsler}, R.~H. and {Abbott}, T.~M.~C. and {Abdalla}, F.~B. and
{Allam}, S. and {Annis}, J. and {Bechtol}, K. and {Benoit-Levy}, A. and
{Bernstein}, G.~M. and {Brooks}, D. and {Burke}, D.~L. and
{Capozzi}, D. and {Carrasco Kind}, M. and {Carretero}, J. and
{D'Andrea}, C.~B. and {da Costa}, L.~N. and {Davis}, C. and
{DePoy}, D.~L. and {Desai}, S. and {Diehl}, H.~T. and
{Dietrich}, J.~P. and {Evrard}, A.~E. and {Flaugher}, B. and
{Fosalba}, P. and {Frieman}, J. and {Garcia-Bellido}, J. and
{Gaztanaga}, E. and {Giannantonio}, T. and {Gruen}, D. and
{Gruendl}, R.~A. and {Gschwend}, J. and {Gutierrez}, G. and
{Honscheid}, K. and {James}, D.~J. and {Jeltema}, T. and {Kuehn}, K. and
{Kuhlmann}, S. and {Lahav}, O. and {Lima}, M. and {Maia}, M.~A.~G. and
{March}, M. and {Marshall}, J.~L. and {Martini}, P. and
{Menanteau}, F. and {Miquel}, R. and {Nichol}, R.~C. and
{Plazas}, A.~A. and {Romer}, A.~K. and {Rykoff}, E.~S. and
{Sanchez}, E. and {Scarpine}, V. and {Schindler}, R. and
{Schubnell}, M. and {Sevilla-Noarbe}, I. and {Smith}, M. and
{Soares-Santos}, M. and {Sobreira}, F. and {Suchyta}, E. and
{Swanson}, M.~E.~C. and {Tarle}, G. and {Tucker}, D.~L. and
{Vikram}, V. and {Walker}, A.~R. and {Weller}, J.},
 eid = {arXiv:1706.09359},
 eprint = {1706.09359},
 journal = {arXiv e-prints},
 keywords = {Astrophysics - Cosmology and Nongalactic Astrophysics},
 month = {June},
 pages = {arXiv:1706.09359},
 primaryclass = {astro-ph.CO},
 title = {{Dark Energy Survey Year 1 Results: Multi-Probe Methodology and Simulated Likelihood Analyses}},
 year = {2017}
}

@article{1811.11584,
 adsnote = {Provided by the SAO/NASA Astrophysics Data System},
 adsurl = {https://ui.adsabs.harvard.edu/abs/2019OJAp....2E...3K},
 archiveprefix = {arXiv},
 author = {{Kodwani}, Darsh and {Alonso}, David and {Ferreira}, Pedro},
 doi = {10.21105/astro.1811.11584},
 eid = {3},
 eprint = {1811.11584},
 journal = {The Open Journal of Astrophysics},
 keywords = {Astrophysics - Cosmology and Nongalactic Astrophysics},
 month = {March},
 number = {1},
 pages = {3},
 primaryclass = {astro-ph.CO},
 title = {{The effect on cosmological parameter estimation of a parameter dependent covariance matrix}},
 volume = {2},
 year = {2019}
}

@article{1912.08209,
 adsnote = {Provided by the SAO/NASA Astrophysics Data System},
 adsurl = {https://ui.adsabs.harvard.edu/abs/2020JCAP...03..044N},
 archiveprefix = {arXiv},
 author = {{Nicola}, Andrina and {Alonso}, David and {S{\'a}nchez}, Javier and
{Slosar}, An{\v{z}}e and {Awan}, Humna and {Broussard}, Adam and
{Dunkley}, Jo and {Gawiser}, Eric and {Gomes}, Zahra and {Mand
elbaum}, Rachel and {Miyatake}, Hironao and {Newman}, Jeffrey A. and
{Sevilla-Noarbe}, Ignacio and {Skinner}, Sarah and {Wagoner}, Erika L.},
 doi = {10.1088/1475-7516/2020/03/044},
 eid = {044},
 eprint = {1912.08209},
 journal = {\jcap},
 keywords = {Astrophysics - Cosmology and Nongalactic Astrophysics},
 month = {March},
 number = {3},
 pages = {044},
 primaryclass = {astro-ph.CO},
 title = {{Tomographic galaxy clustering with the Subaru Hyper Suprime-Cam first year public data release}},
 volume = {2020},
 year = {2020}
}

